<record><leader>00000cas a22000007a 4500</leader><controlfield tag="001">4021407</controlfield><controlfield tag="008">780630c19669999mduwr ne      0   a0eng d</controlfield><datafield ind1=" " ind2=" " tag="010"><subfield code="a">sn 78004831 </subfield><subfield code="z">sn 89060360 </subfield></datafield><datafield ind1=" " ind2=" " tag="040"><subfield code="a">MUL</subfield><subfield code="b">eng</subfield><subfield code="c">MUL</subfield><subfield code="d">NSD</subfield><subfield code="d">DLC</subfield><subfield code="d">OCL</subfield><subfield code="d">OCLCQ</subfield><subfield code="d">OCLCF</subfield><subfield code="d">OCLCO</subfield></datafield><datafield ind1=" " ind2=" " tag="012"><subfield code="j">0</subfield><subfield code="k">1</subfield><subfield code="m">1</subfield></datafield><datafield ind1=" " ind2=" " tag="019"><subfield code="a">20707308</subfield></datafield><datafield ind1="0" ind2=" " tag="022"><subfield code="a">0008-8315</subfield><subfield code="l">0008-8315</subfield><subfield code="2">1</subfield></datafield><datafield ind1="1" ind2=" " tag="029"><subfield code="a">AU@</subfield><subfield code="b">000025828887</subfield></datafield><datafield ind1=" " ind2=" " tag="032"><subfield code="a">094360</subfield><subfield code="b">USPS</subfield></datafield><datafield ind1=" " ind2=" " tag="037"><subfield code="b">The Cathedral Foundation, P.O. Box 777, 320 Cathedral Street, Baltimore, MD 21203</subfield></datafield><datafield ind1=" " ind2=" " tag="042"><subfield code="a">nsdp</subfield><subfield code="a">msc</subfield></datafield><datafield ind1="0" ind2=" " tag="130"><subfield code="a">Catholic review (Baltimore, Md. : 1966)</subfield></datafield><datafield ind1="0" ind2=" " tag="210"><subfield code="a">Cathol. rev.</subfield><subfield code="b">(Baltimore, Md.)</subfield></datafield><datafield ind1=" " ind2="4" tag="222"><subfield code="a">The Catholic review</subfield><subfield code="b">(Baltimore, Md.)</subfield></datafield><datafield ind1="0" ind2="4" tag="245"><subfield code="a">The Catholic review.</subfield></datafield><datafield ind1=" " ind2=" " tag="260"><subfield code="a">Baltimore, Md. :</subfield><subfield code="b">Cathedral Foundation,</subfield></datafield><datafield ind1=" " ind2=" " tag="300"><subfield code="a">v.</subfield></datafield><datafield ind1=" " ind2=" " tag="310"><subfield code="a">Weekly</subfield></datafield><datafield ind1="0" ind2=" " tag="362"><subfield code="a">Vol. 30, no. 50 (Mar. 4, 1966)-</subfield></datafield><datafield ind1="2" ind2="0" tag="610"><subfield code="a">Catholic Church</subfield><subfield code="z">Maryland</subfield><subfield code="v">Newspapers.</subfield></datafield><datafield ind1=" " ind2="7" tag="655"><subfield code="a">Newspapers.</subfield><subfield code="2">fast</subfield><subfield code="0">(OCoLC)fst01423814</subfield></datafield><datafield ind1="2" ind2="7" tag="610"><subfield code="a">Catholic Church.</subfield><subfield code="2">fast</subfield><subfield code="0">(OCoLC)fst00531720</subfield></datafield><datafield ind1=" " ind2="7" tag="651"><subfield code="a">Maryland.</subfield><subfield code="2">fast</subfield><subfield code="0">(OCoLC)fst01204739</subfield></datafield><datafield ind1="2" ind2=" " tag="710"><subfield code="a">Cathedral Foundation (Baltimore, Md.)</subfield></datafield><datafield ind1=" " ind2=" " tag="752"><subfield code="a">United States</subfield><subfield code="b">Maryland</subfield><subfield code="d">Baltimore.</subfield></datafield><datafield ind1="0" ind2="0" tag="780"><subfield code="t">Baltimore Catholic review (Baltimore, Md. : 1965)</subfield><subfield code="w">(DLC)sn 89060359</subfield></datafield></record>